<?xml version="1.0" encoding="UTF-8"?><collection xmlns="http://www.loc.gov/MARC21/slim"><record><leader>00394nam--2200133-i-4500</leader><controlfield tag="001">000018565</controlfield><controlfield tag="002">20161230</controlfield><controlfield tag="005">20170110233324</controlfield><controlfield tag="008">060222s1000------------r-----000-0-eng-d</controlfield><datafield ind1=" " ind2=" " tag="245"><subfield code="a">Deuxieme Congres International de Cybernetique Naumur, 3-10 September 1958. Actes</subfield></datafield><datafield ind1=" " ind2=" " tag="260"><subfield code="a">Namur</subfield><subfield code="b">Association Intern.De Cybern</subfield><subfield code="c">1960</subfield></datafield><datafield ind1=" " ind2=" " tag="300"><subfield code="a">XII + 1002 p</subfield></datafield><datafield ind1=" " ind2=" " tag="852"><subfield code="a">17426</subfield></datafield><datafield ind1=" " ind2=" " tag="CAT"><subfield code="a">SYS</subfield><subfield code="c">20170110</subfield><subfield code="h">233324</subfield></datafield></record></collection>